<?xml version="1.0" encoding="UTF-8"?><collection xmlns="http://www.loc.gov/MARC21/slim"><record><leader>00508nam--2200169-i-4500</leader><controlfield tag="001">000045329</controlfield><controlfield tag="002">20161230</controlfield><controlfield tag="005">20170116001426</controlfield><controlfield tag="008">060222s1000------------r-----000-0-eng-d</controlfield><datafield ind1=" " ind2=" " tag="080"><subfield code="a">621.039.6(061.3)</subfield></datafield><datafield ind1=" " ind2=" " tag="245"><subfield code="a">Technology of controlled thermonuclear fusion experiments and the engineering aspects of fusion reactors</subfield></datafield><datafield ind1=" " ind2=" " tag="260"><subfield code="a">Oak Ridge</subfield><subfield code="b">Technical Inf.Center</subfield><subfield code="c">1974</subfield></datafield><datafield ind1=" " ind2=" " tag="300"><subfield code="a">XI+1040 p</subfield></datafield><datafield ind1=" " ind2=" " tag="490"><subfield code="a">Aec Symp.Series 31</subfield></datafield><datafield ind1=" " ind2=" " tag="700"><subfield code="a">Linndraper, E</subfield></datafield><datafield ind1=" " ind2=" " tag="852"><subfield code="a">48680</subfield></datafield><datafield ind1=" " ind2=" " tag="CAT"><subfield code="a">SYS</subfield><subfield code="c">20170116</subfield><subfield code="h">001426</subfield></datafield></record></collection>